<?xml version="1.0" encoding="UTF-8"?><collection><record><leader>05658ntm a2200553 a 4500</leader><controlfield tag="001">005983142</controlfield><controlfield tag="003">MiAaHDL</controlfield><controlfield tag="005">20190719000000.0</controlfield><controlfield tag="006">m        d        </controlfield><controlfield tag="007">cr bn ---auaua</controlfield><controlfield tag="008">090402s16uu    xx            00| ||ara d</controlfield><datafield tag="035" ind1=" " ind2=" "><subfield code="a">(MiU)005983142</subfield></datafield><datafield tag="035" ind1=" " ind2=" "><subfield code="a">sdr-miu005983142</subfield></datafield><datafield tag="040" ind1=" " ind2=" "><subfield code="a">MiU</subfield><subfield code="c">MiU</subfield><subfield code="e">amremm</subfield></datafield><datafield tag="043" ind1=" " ind2=" "><subfield code="a">n-us-mi</subfield></datafield><datafield tag="100" ind1="1" ind2=" "><subfield code="6">880-01</subfield><subfield code="a">Qasṭallānī, Aḥmad ibn Muḥammad,</subfield><subfield code="d">1447 or 1448-1517 or 1518.</subfield></datafield><datafield tag="240" ind1="1" ind2="0"><subfield code="6">880-02</subfield><subfield code="a">Irshād al-sārī</subfield></datafield><datafield tag="245" ind1="1" ind2="3"><subfield code="6">880-03</subfield><subfield code="a">[al-Juzʼ al-khāmis min Irshād al-sārī li-sharḥ Ṣaḥīḥ al-Bukhārī,</subfield><subfield code="f">17th century].</subfield></datafield><datafield tag="246" ind1="3" ind2=" "><subfield code="i">Edge title (tail):</subfield><subfield code="a">خامس من القسطلاني</subfield></datafield><datafield tag="246" ind1="3" ind2="8"><subfield code="a">خامس من شرح البخاري</subfield></datafield><datafield tag="260" ind1=" " ind2=" "><subfield code="c">[16--].</subfield></datafield><datafield tag="300" ind1=" " ind2=" "><subfield code="a">352 leaves :</subfield><subfield code="b">paper ;</subfield><subfield code="c">287 x 210 (217 x 131) mm.</subfield></datafield><datafield tag="500" ind1=" " ind2=" "><subfield code="a">Shelfmark: Ann Arbor, University of Michigan, Special Collections Library, Isl. Ms. 23</subfield></datafield><datafield tag="500" ind1=" " ind2=" "><subfield code="a">Origin: Lacks dated colophon ; paper suggests 17th century.</subfield></datafield><datafield tag="500" ind1=" " ind2=" "><subfield code="a">Former shelfmark: British Museum, London "No. 56. Hadith (Traditions) of Kastallani."</subfield></datafield><datafield tag="500" ind1=" " ind2=" "><subfield code="a">Binding: Both upper and lower covers lost, though spine remains intact ; sewn in cream thread, two stations ; worked endbands in pink and lime green, intact ; overall in poor condition with covers lost, lifting and losses to spine leather, abrasion and staining of outermost leaves of textblock, etc. ; housed in box for protection.</subfield></datafield><datafield tag="500" ind1=" " ind2=" "><subfield code="a">Support: European laid paper with 8 laid lines per cm. (horizontal), chain lines spaced 22 mm. apart (vertical), and crown star crescent watermark with 'A D' countermark ; thick and well-burnished to glossy ; some staining.</subfield></datafield><datafield tag="500" ind1=" " ind2=" "><subfield code="a">Decoration: Section headings and text being commented upon (text of Ṣaḥīḥ al-Bukhārī) rubricated (pp.362-367 lack rubrics) ; letters of section headings of elongated ; textual dividers in the form of red discs.</subfield></datafield><datafield tag="500" ind1=" " ind2=" "><subfield code="a">Script: Naskh ; bold, clear likely Egyptian hand ; very slight effect of tilt to the left, occasionally more apparent ; mainly serifless though occasional right-sloping headserifs appear irregularly on free-standing alif, lām, etc. ; many open counters ; pointing in distinct dots, liberally spaced ; alif maqṣūrah pointed as yāʼ and often mardūdah ; descenders tending toward rectilinear ; rightward descenders tapered ; kāf mashkūlah (mashqūqah) preferred, with even final kāf bearing shaqq ; occasional free assimilation of some letters ; partially vocalized.</subfield></datafield><datafield tag="500" ind1=" " ind2=" "><subfield code="a">Layout: Written in 33 lines per page ; frame-ruled.</subfield></datafield><datafield tag="500" ind1=" " ind2=" "><subfield code="a">Collation: I (2), 7 V(72), 3 IV(96), 2 V(116), IV (124), 22 V(344), IV (352) ; chiefly quinions with a few scattered quaternions ; opening single bifolium blank ; catchwords present ; foliation in black ink, Hindu-Arabic numerals ; pagination in pencil, Western numerals, supplied during digitization (drops twenty pages following p.689 with p.670).</subfield></datafield><datafield tag="500" ind1=" " ind2=" "><subfield code="a">Explicit: "حدثنا ابو عوانة الوضاح عن ابن عبد الله اليشكري عن ابي بشر بكسر الموحدة وسكون المعجمة جعفر ابن ابي وحشية اياس اليشكري عن سعيد ابن جبير قال ان الذي"</subfield></datafield><datafield tag="500" ind1=" " ind2=" "><subfield code="a">Incipit: "ابن سعد من يشتري مني تمرا بجزر يوفيني الجزر ههنا واوفيه التمر بالمدينة"</subfield></datafield><datafield tag="500" ind1=" " ind2=" "><subfield code="a">Title supplied by cataloguer.</subfield></datafield><datafield tag="500" ind1=" " ind2=" "><subfield code="a">Ms. codex.</subfield></datafield><datafield tag="510" ind1="4" ind2=" "><subfield code="a">Brockelmann, C. GAL,</subfield><subfield code="c">II 73 ; S II 79 ; I 158 ; S I 212</subfield></datafield><datafield tag="520" ind1="8" ind2=" "><subfield code="a">Fine copy of an odd fifth volume of Aḥmad ibn Muḥammad al-Qasṭallānī's exhaustive commentary on the Ṣaḥīḥ of al-Bukhārī, opening in Kitāb al-Maghāzī just before Bāb Ḥajj Abī Bakr bi-al-nās fī sanat tisʻ and ending abruptly in Kitāb Faḍāʼil al-Qurʼān, Bāb Taʻlīm al-ṣibyān al-Qurʼān.</subfield></datafield><datafield tag="538" ind1=" " ind2=" "><subfield code="a">Mode of access: Internet.</subfield></datafield><datafield tag="541" ind1=" " ind2=" "><subfield code="c">Purchase ;</subfield><subfield code="a">Acquired by purchase along with Abdul Hamid Collection (funds donated by Horace Rackham).</subfield><subfield code="d">1924.</subfield></datafield><datafield tag="546" ind1=" " ind2=" "><subfield code="a">Arabic.</subfield></datafield><datafield tag="561" ind1=" " ind2=" "><subfield code="a">Bookplate of British Museum, London on opening leaf (p.1), "British Museum, London. No. 56. Hadith (Traditions) of Kastallani." ; circular seal impression with figure of goat/gazelle in purple ink as well as inscription "73" in Western numerals on opening leaf (p.1) ; on blue-tinted paper once pasted on opening leaf and now at opening (p.5), a detailed waqf statement in the name of al-Sayyid ʻAbd Allāh Adīb (Abdullah Edip), known as Jannatʹzādah (Cennet-zade), qāḍī of Erzurum, accompanied by his seal, reads: "وقفت وقفا صحيحا شرعيا على ان لا يخرج من بيت الكتب الملتصق بداري الا لعلماء سكنوا بارضروم بكفيل مرعى اورهن قوي وانا الفقير اليه عز شانه السيد عبد الله اديب الشهير بجنت زاده القاضي بمدينة ارضروم في سنة اثنى وستين ومائتين والف" ; occasional marginal corrections.</subfield></datafield><datafield tag="600" ind1="1" ind2="0"><subfield code="a">Bukhārī, Muḥammad ibn Ismāʻīl,</subfield><subfield code="d">810-870.</subfield><subfield code="t">Jāmiʻ al-ṣaḥīḥ.</subfield></datafield><datafield tag="650" ind1=" " ind2="0"><subfield code="a">Manuscripts, Arabic</subfield><subfield code="z">Michigan</subfield><subfield code="z">Ann Arbor.</subfield></datafield><datafield tag="650" ind1=" " ind2="0"><subfield code="a">Hadith</subfield><subfield code="x">Criticism, interpretation, etc.</subfield><subfield code="v">Early works to 1800.</subfield></datafield><datafield tag="650" ind1=" " ind2="0"><subfield code="a">Hadith</subfield><subfield code="v">Commentaries</subfield><subfield code="v">Early works to 1800</subfield><subfield code="v">Commentaries.</subfield></datafield><datafield tag="773" ind1="0" ind2=" "><subfield code="a">Tiflis Collection.</subfield></datafield><datafield tag="880" ind1="1" ind2="2"><subfield code="6">245-03/</subfield><subfield code="a">[الجزء الخامس من إرشاد الساري لشرح صحيح البخاري,</subfield><subfield code="f">القرن 17م].</subfield></datafield><datafield tag="880" ind1="1" ind2="0"><subfield code="6">240-02/</subfield><subfield code="a">إرشاد الساري</subfield></datafield><datafield tag="880" ind1="1" ind2=" "><subfield code="6">100-01/</subfield><subfield code="a">قسطلاني، أحمد بن محمد.</subfield></datafield><datafield tag="CID" ind1=" " ind2=" "><subfield code="a">005983142</subfield></datafield><datafield tag="DAT" ind1="0" ind2=" "><subfield code="a">20190719102633.0</subfield><subfield code="b">20190719000000.0</subfield></datafield><datafield tag="DAT" ind1="1" ind2=" "><subfield code="a">20190719090653.0</subfield><subfield code="b">2019-07-19T16:11:11Z</subfield></datafield><datafield tag="DAT" ind1="2" ind2=" "><subfield code="a">2015-10-02T18:00:03Z</subfield></datafield><datafield tag="CAT" ind1=" " ind2=" "><subfield code="a">SDR-MIU</subfield><subfield code="d">EX LIBRIS - ALEPH</subfield><subfield code="l">prepare.pl-004-008</subfield></datafield><datafield tag="FMT" ind1=" " ind2=" "><subfield code="a">BK</subfield></datafield><datafield tag="HOL" ind1=" " ind2=" "><subfield code="0">sdr-miu005983142</subfield><subfield code="a">MiU</subfield><subfield code="b">SDR</subfield><subfield code="c">MIU</subfield><subfield code="p">mdp.39015079105303</subfield><subfield code="s">MIU</subfield><subfield code="1">005983142</subfield></datafield><datafield tag="974" ind1=" " ind2=" "><subfield code="b">MIU</subfield><subfield code="c">MIU</subfield><subfield code="d">20190719</subfield><subfield code="s">lit-dlps-dc</subfield><subfield code="u">mdp.39015079105303</subfield><subfield code="y">1699</subfield><subfield code="r">pd</subfield><subfield code="q">bib</subfield><subfield code="t">non-US bib date1 &lt; 1896</subfield></datafield></record></collection>